<record><leader>00000cas a2200000 a 4500</leader><controlfield tag="001">1588350</controlfield><controlfield tag="008">750901c19009999mnudn pe      0    0eng d</controlfield><controlfield tag="009">501</controlfield><datafield ind1=" " ind2=" " tag="010"><subfield code="a">sn 90060603 </subfield></datafield><datafield ind1=" " ind2=" " tag="040"><subfield code="a">MUL</subfield><subfield code="b">eng</subfield><subfield code="c">MUL</subfield><subfield code="d">MN#</subfield><subfield code="d">OCL</subfield><subfield code="d">DLC</subfield></datafield><datafield ind1="1" ind2=" " tag="029"><subfield code="a">AU@</subfield><subfield code="b">000026519008</subfield></datafield><datafield ind1=" " ind2=" " tag="042"><subfield code="a">msc</subfield></datafield><datafield ind1=" " ind2=" " tag="043"><subfield code="a">n-us-mn</subfield></datafield><datafield ind1=" " ind2=" " tag="052"><subfield code="a">4144</subfield><subfield code="b">M5:2U5</subfield></datafield><datafield ind1="0" ind2="4" tag="245"><subfield code="a">The Minnesota daily.</subfield></datafield><datafield ind1=" " ind2=" " tag="260"><subfield code="a">[Minneapolis, Minn.] :</subfield><subfield code="b">Students of the University of Minnesota,</subfield><subfield code="c">1900-</subfield></datafield><datafield ind1=" " ind2=" " tag="300"><subfield code="a">v.</subfield></datafield><datafield ind1=" " ind2=" " tag="310"><subfield code="a">Daily Mon.-Fri. during school year, tri-weekly during summer,</subfield><subfield code="b">June 4, 1974-</subfield></datafield><datafield ind1=" " ind2=" " tag="321"><subfield code="a">Daily except Sunday and Monday (during school year),</subfield><subfield code="b">May 1, 1900-June 2, 1938</subfield></datafield><datafield ind1=" " ind2=" " tag="321"><subfield code="a">Daily except Sundays, Mondays, and holidays during school year, semiweekly during summer sessions,</subfield><subfield code="b">July 8, 1938-June 5, 1947</subfield></datafield><datafield ind1=" " ind2=" " tag="321"><subfield code="a">Daily (during school year) except Sundays, Mondays, and holidays, Tues.-Fri. during summer session (varies slightly),</subfield><subfield code="b">June 17, 1947-June 7, 1973</subfield></datafield><datafield ind1=" " ind2=" " tag="321"><subfield code="a">Daily Mon.-Fri. during school year, semiweekly during summer sessions,</subfield><subfield code="b">June 19, 1973-June 3, 1974</subfield></datafield><datafield ind1="0" ind2=" " tag="362"><subfield code="a">Vol. 1, no. 1 (May 1, 1900)-</subfield></datafield><datafield ind1=" " ind2=" " tag="500"><subfield code="a">Official paper of the University of Minnesota, Minneapolis, May 1, 1900-June 12, 1961; official student newspaper of the University of Minnesota, Minneapolis/St. Paul, June 16, 1961-   .</subfield></datafield><datafield ind1=" " ind2=" " tag="530"><subfield code="a">Available on microfilm from the Minnesota Historical Society.</subfield></datafield><datafield ind1="2" ind2="0" tag="610"><subfield code="a">University of Minnesota</subfield><subfield code="v">Periodicals.</subfield></datafield><datafield ind1=" " ind2="0" tag="650"><subfield code="a">Universities and colleges</subfield><subfield code="z">Minnesota</subfield><subfield code="v">Periodicals.</subfield></datafield><datafield ind1=" " ind2="0" tag="650"><subfield code="a">Schools</subfield><subfield code="z">Minnesota</subfield><subfield code="v">Periodicals.</subfield></datafield><datafield ind1="2" ind2=" " tag="710"><subfield code="a">University of Minnesota.</subfield></datafield><datafield ind1="0" ind2=" " tag="775"><subfield code="t">Summer Minnesotan</subfield><subfield code="w">(DLC)sn 90060605</subfield></datafield><datafield ind1="0" ind2=" " tag="775"><subfield code="t">Summer session news</subfield><subfield code="w">(DLC)sn 90060604</subfield></datafield><datafield ind1="0" ind2=" " tag="775"><subfield code="t">Minnesotan</subfield><subfield code="w">(DLC)sn 90060602</subfield></datafield><datafield ind1="0" ind2=" " tag="775"><subfield code="t">Ivory tower (Minneapolis, Minn. : 1952)</subfield><subfield code="w">(DLC)sn 90060607</subfield></datafield><datafield ind1="0" ind2=" " tag="775"><subfield code="t">Random magazine</subfield><subfield code="w">(DLC)sn 90060627</subfield></datafield><datafield ind1="0" ind2=" " tag="775"><subfield code="t">Ivory tower (Minneapolis, Minn. : 1988)</subfield><subfield code="w">(DLC)sn 90060608</subfield></datafield><datafield ind1="0" ind2="0" tag="780"><subfield code="t">Ariel (Minneapolis, Minn.)</subfield></datafield></record>